@TechReport{nissen03, 
author = {S. Nissen}, 
title = {Implementation of a Fast Artificial Neural Network Library (fann)}, 
institution = {Department of Computer Science University of Copenhagen (DIKU)}, 
year = {2003}, 
note = {http://fann.sf.net}, 
}


@article{skynet,
author = {Graff, Philip and Feroz, Farhan and Hobson, Michael P and Lasenby, Anthony N},
title = {{SKYNET: an efficient and robust neural network training tool for machine learning in astronomy}},
journal = {arXiv},
year = {2013},
eprint = {1309.0790},
eprinttype = {arxiv},
eprintclass = {astro-ph.IM},
pages = {790},
month = sep
}

@article{sextractor,
author = {Bertin, E and Arnouts, S},
title = {{SExtractor: Software for source extraction.}},
journal = {Astronomy and Astrophysics Supplement},
year = {1996},
volume = {117},
pages = {393},
month = jun
}

@MISC{galsim,
   author = {{Rowe}, B. and {Jarvis}, M. and {Mandelbaum}, R.},
    title = "{GalSim: Modular galaxy image simulation toolkit}",
     note = {Astrophysics Source Code Library},
     year = 2014,
archivePrefix = "ascl",
   eprint = {1402.009},
    month = feb,
   adsurl = {http://adsabs.harvard.edu/abs/2014ascl.soft02009R},
  adsnote = {Provided by the SAO/NASA Astrophysics Data System}
}

@article{Hirata:2003ji,
author = {Hirata, C and Seljak, U},
title = {{Shear calibration biases in weak-lensing surveys}},
journal = {Advances in High Energy Physics},
year = {2003},
volume = {343},
number = {2},
pages = {459--480},
month = aug
}

@article{Tewes:2012gy,
author = {Tewes, Malte and Cantale, N and Courbin, Fr{\'e}d{\'e}ric and Kitching, T and Meylan, Georges},
title = {{A fast empirical method for galaxy shape measurements in weak lensing surveys}},
journal = {A{\&}A},
year = {2012},
volume = {544},
pages = {A8},
month = jul
}

@article{Waerbeke97,
   author = {{van Waerbeke}, L. and {Mellier}, Y. and {Schneider}, P. and 
	{Fort}, B. and {Mathez}, G.},
    title = "{The auto-correlation function of the extragalactic background light. I. Measuring gravitational shear.}",
  journal = {A{\&}A},
   eprint = {astro-ph/9604137},
 keywords = {DARK MATTER, GRAVITATIONAL LENSING, OBSERVATIONAL METHODS, CLUSTERS OF GALAXIES, QUASARS: INDIVIDUAL: Q 2345+007, CLUSTERS OF GALAXIES: INDIVIDUAL: CL 0024+16 (ZWCL 0024+1652)},
     year = 1997,
    month = jan,
   volume = 317,
    pages = {303-317},
   adsurl = {http://adsabs.harvard.edu/abs/1997A%26A...317..303V},
  adsnote = {Provided by the SAO/NASA Astrophysics Data System}
}


